<record><leader>00000cas a2200000 a 4500</leader><controlfield tag="001">39224602</controlfield><controlfield tag="007">hd afb021bacp</controlfield><controlfield tag="007">hd bfb021baap</controlfield><controlfield tag="007">hd bfb021babp</controlfield><controlfield tag="008">980604u1985uuuufluwr nea     0    0eng c</controlfield><datafield ind1=" " ind2=" " tag="010"><subfield code="a">sn 98026411 </subfield></datafield><datafield ind1=" " ind2=" " tag="040"><subfield code="a">FUG</subfield><subfield code="b">eng</subfield><subfield code="c">FUG</subfield><subfield code="d">OCLCQ</subfield><subfield code="d">OCLCF</subfield><subfield code="d">OCLCO</subfield></datafield><datafield ind1=" " ind2=" " tag="012"><subfield code="i">9806</subfield></datafield><datafield ind1="1" ind2=" " tag="029"><subfield code="a">AU@</subfield><subfield code="b">000014032898</subfield></datafield><datafield ind1=" " ind2=" " tag="037"><subfield code="b">George A. Smathers Libraries, University of Florida, Preservation Office, Gainesville, FL 32611</subfield></datafield><datafield ind1=" " ind2=" " tag="042"><subfield code="a">pcc</subfield></datafield><datafield ind1=" " ind2=" " tag="043"><subfield code="a">n-us-fl</subfield></datafield><datafield ind1="0" ind2=" " tag="130"><subfield code="a">Port St. Lucie mirror (Jensen Beach, Fla.)</subfield></datafield><datafield ind1="1" ind2="4" tag="245"><subfield code="a">The Port St. Lucie mirror</subfield><subfield code="h">[microform].</subfield></datafield><datafield ind1="3" ind2=" " tag="246"><subfield code="a">Port Saint Lucie mirror</subfield></datafield><datafield ind1="1" ind2="3" tag="246"><subfield code="a">Mirror</subfield></datafield><datafield ind1=" " ind2=" " tag="260"><subfield code="a">Jensen Beach, Fla. :</subfield><subfield code="b">Richard E. Campbell,</subfield><subfield code="c">1985-</subfield></datafield><datafield ind1=" " ind2=" " tag="300"><subfield code="a">v. :</subfield><subfield code="b">ill. ;</subfield><subfield code="c">58 cm.</subfield></datafield><datafield ind1=" " ind2=" " tag="310"><subfield code="a">Weekly</subfield></datafield><datafield ind1="0" ind2=" " tag="362"><subfield code="a">Vol. 24, no. 14 (Apr. 3, 1985)-</subfield></datafield><datafield ind1=" " ind2=" " tag="588"><subfield code="a">Latest issue consulted: Vol. 24, no. 24 (June 26, 1985).</subfield></datafield><datafield ind1=" " ind2=" " tag="533"><subfield code="a">Microfilm.</subfield><subfield code="m">(Apr. 3-June 26, 1985)</subfield><subfield code="b">Gainesville, FL :</subfield><subfield code="c">George A. Smathers Libraries, University of Florida,</subfield><subfield code="d">1997.</subfield><subfield code="e">1 microfilm reel ; 35 mm.</subfield></datafield><datafield ind1=" " ind2=" " tag="539"><subfield code="a">d</subfield><subfield code="b">1985</subfield><subfield code="c">1985</subfield><subfield code="d">flu</subfield><subfield code="e">u</subfield><subfield code="f">u</subfield><subfield code="g">a</subfield></datafield><datafield ind1=" " ind2="0" tag="651"><subfield code="a">Jensen Beach (Fla.)</subfield><subfield code="v">Newspapers.</subfield></datafield><datafield ind1=" " ind2="0" tag="651"><subfield code="a">Martin County (Fla.)</subfield><subfield code="v">Newspapers.</subfield></datafield><datafield ind1=" " ind2="0" tag="651"><subfield code="a">Port Saint Lucie (Fla.)</subfield><subfield code="v">Newspapers.</subfield></datafield><datafield ind1=" " ind2="0" tag="651"><subfield code="a">Saint Lucie County (Fla.)</subfield><subfield code="v">Newspapers.</subfield></datafield><datafield ind1=" " ind2="7" tag="655"><subfield code="a">Newspapers.</subfield><subfield code="2">fast</subfield><subfield code="0">(OCoLC)fst01423814</subfield></datafield><datafield ind1=" " ind2="7" tag="651"><subfield code="a">Florida</subfield><subfield code="z">Jensen Beach.</subfield><subfield code="2">fast</subfield><subfield code="0">(OCoLC)fst01215461</subfield></datafield><datafield ind1=" " ind2="7" tag="651"><subfield code="a">Florida</subfield><subfield code="z">Martin County.</subfield><subfield code="2">fast</subfield><subfield code="0">(OCoLC)fst01215463</subfield></datafield><datafield ind1=" " ind2="7" tag="651"><subfield code="a">Florida</subfield><subfield code="z">Port Saint Lucie.</subfield><subfield code="2">fast</subfield><subfield code="0">(OCoLC)fst01216547</subfield></datafield><datafield ind1=" " ind2="7" tag="651"><subfield code="a">Florida</subfield><subfield code="z">Saint Lucie County.</subfield><subfield code="2">fast</subfield><subfield code="0">(OCoLC)fst01210220</subfield></datafield><datafield ind1=" " ind2=" " tag="752"><subfield code="a">United States</subfield><subfield code="b">Florida</subfield><subfield code="c">Martin</subfield><subfield code="d">Jensen Beach.</subfield></datafield><datafield ind1=" " ind2=" " tag="752"><subfield code="a">United States</subfield><subfield code="b">Florida</subfield><subfield code="c">Saint Lucie</subfield><subfield code="d">Port Saint Lucie.</subfield></datafield><datafield ind1="0" ind2=" " tag="775"><subfield code="t">Jensen Beach mirror (Jensen Beach, Fla. : 1985)</subfield><subfield code="w">(DLC)sn 98026414</subfield><subfield code="w">(OCoLC)39228058</subfield></datafield><datafield ind1="1" ind2=" " tag="776"><subfield code="c">Original</subfield><subfield code="w">(DLC)sn 97027681</subfield><subfield code="w">(OCoLC)36631034</subfield></datafield><datafield ind1="0" ind2="0" tag="780"><subfield code="t">Mirror (Jensen Beach, Fla. : Port St. Lucie ed.)</subfield><subfield code="w">(DLC)sn 98026410</subfield><subfield code="w">(OCoLC)39224591</subfield></datafield><datafield ind1=" " ind2=" " tag="850"><subfield code="a">FU</subfield><subfield code="a">FU (master)</subfield></datafield></record>